<?xml version="1.0" encoding="UTF-8"?>
<record xmlns="http://www.loc.gov/MARC21/slim" xmlns:xsi="http://www.w3.org/2001/XMLSchema-instance" xsi:schemaLocation="http://www.loc.gov/MARC21/slim http://www.loc.gov/standards/marcxml/schema/MARC21slim.xsd">
<leader>00000cam a22      a 4500</leader>
<controlfield tag="001">003054675</controlfield>
<controlfield tag="003">NNU</controlfield>
<controlfield tag="005">20080715174343.0</controlfield>
<controlfield tag="008">941012s1925    ua            000 0 ara d</controlfield>
<datafield tag="035" ind1=" " ind2=" ">
<subfield code="a">(OCoLC)31269309</subfield>
</datafield>
<datafield tag="040" ind1=" " ind2=" ">
<subfield code="a">CLE</subfield>
<subfield code="c">CLE</subfield>
<subfield code="d">OCLCQ</subfield>
<subfield code="d">OCLCG</subfield>
</datafield>
<datafield tag="100" ind1="1" ind2=" ">
<subfield code="6">880-01</subfield>
<subfield code="a">Ḥusayn, Ṭāhā,</subfield>
<subfield code="d">1889-1973.</subfield>
</datafield>
<datafield tag="245" ind1="1" ind2="0">
<subfield code="6">880-02</subfield>
<subfield code="a">Falsafat Ibn Khaldūn al-ijtimāʻīyah :</subfield>
<subfield code="b">taḥlīl wa-naqd /</subfield>
<subfield code="c">waḍaʻahu bi-al-Faransīyah Ṭāhā Ḥusayn wa-naqalahu ilá al-ʻArabīyah Muḥammad ʻAbd Allāh ʻInān.</subfield>
</datafield>
<datafield tag="250" ind1=" " ind2=" ">
<subfield code="6">880-03</subfield>
<subfield code="a">al-Ṭabʻah 1.</subfield>
</datafield>
<datafield tag="260" ind1=" " ind2=" ">
<subfield code="6">880-04</subfield>
<subfield code="a">[Cairo] :</subfield>
<subfield code="b">Maṭbaʻat al-Iʻtimād,</subfield>
<subfield code="c">1925.</subfield>
</datafield>
<datafield tag="300" ind1=" " ind2=" ">
<subfield code="a">184 p. ;</subfield>
<subfield code="c">25 cm.</subfield>
</datafield>
<datafield tag="500" ind1=" " ind2=" ">
<subfield code="a">Followed by "Ibn Khaldūn, muʼarrikh al-ḥaḍārah al-ʻArabīyah fī al-qarn al-rābiʻ ʻashar = Ibn Khaldoun, ein arabischer Kulturhistoriker von 14. Jahrhunderts / von O.G. von Wesendonk": p. [166]-181.</subfield>
</datafield>
<datafield tag="600" ind1="0" ind2="0">
<subfield code="a">Ibn Khaldūn,</subfield>
<subfield code="d">1332-1406.</subfield>
</datafield>
<datafield tag="700" ind1="1" ind2=" ">
<subfield code="a">Wesendonk, O. G. von</subfield>
<subfield code="q">(Otto Günther),</subfield>
<subfield code="d">1885-1933.</subfield>
</datafield>
<datafield tag="700" ind1="1" ind2=" ">
<subfield code="6">880-05</subfield>
<subfield code="a">ʻInān, Muḥammad ʻAbd Allāh,</subfield>
<subfield code="d">1896-</subfield>
</datafield>
<datafield tag="880" ind1="1" ind2=" ">
<subfield code="6">100-01/</subfield>
<subfield code="a">‏حسين، طه،‏</subfield>
<subfield code="d">‏1889-1973.</subfield>
</datafield>
<datafield tag="880" ind1="1" ind2="0">
<subfield code="6">245-02/</subfield>
<subfield code="a">‏فلسفة ابن خلدون الاجتماعية :‏</subfield>
<subfield code="b">‏تحليل ونقد /‏</subfield>
<subfield code="c">‏وضعه بالفرنسية طه حسين، ونقله الى العربية محمد عبد الله عنان.</subfield>
</datafield>
<datafield tag="880" ind1=" " ind2=" ">
<subfield code="6">250-03/</subfield>
<subfield code="a">‏الطبعة 1.</subfield>
</datafield>
<datafield tag="880" ind1=" " ind2=" ">
<subfield code="6">260-04/</subfield>
<subfield code="a">‏[القاهرة] :‏</subfield>
<subfield code="b">‏مطبعة الاعتماد،‏</subfield>
<subfield code="c">‏1925.</subfield>
</datafield>
<datafield tag="880" ind1="1" ind2=" ">
<subfield code="6">700-05/</subfield>
<subfield code="a">‏عنان، محمد عبد الله،‏</subfield>
<subfield code="d">‏1896-</subfield>
</datafield>
<datafield tag="880" ind1="0" ind2=" ">
<subfield code="6">740-00/</subfield>
<subfield code="a">‏ابن خلدون : مؤرخ الحضارة العربي في القرن الرابع عشر.</subfield>
</datafield>
<datafield tag="994" ind1=" " ind2=" ">
<subfield code="a">C0</subfield>
<subfield code="b">ZYU</subfield>
</datafield>
<datafield tag="OWN" ind1=" " ind2=" ">
<subfield code="a">GENERAL</subfield>
</datafield>
<datafield tag="AVA" ind1=" " ind2=" ">
<subfield code="a">NYU50</subfield>
<subfield code="b">BOBST</subfield>
<subfield code="c">Main Collection</subfield>
<subfield code="d">D16.7 .I3554 1925</subfield>
<subfield code="e">unavailable</subfield>
<subfield code="t">Unavailable</subfield>
<subfield code="f">1</subfield>
<subfield code="g">1</subfield>
<subfield code="h">N</subfield>
<subfield code="i">0</subfield>
<subfield code="j">MAIN</subfield>
</datafield>
</record>
